<record><leader>00000cas a2200000 a 4500</leader><controlfield tag="001">7120828</controlfield><controlfield tag="008">810212d191219uupauwr ne      0   c0ukroc</controlfield><datafield ind1=" " ind2=" " tag="010"><subfield code="a">sn 81000359 </subfield></datafield><datafield ind1=" " ind2=" " tag="040"><subfield code="a">NSD</subfield><subfield code="b">eng</subfield><subfield code="c">NSD</subfield><subfield code="d">NPW</subfield><subfield code="d">NPU</subfield><subfield code="d">AIP</subfield><subfield code="d">NPH</subfield><subfield code="d">DLC</subfield><subfield code="d">NPH</subfield><subfield code="d">CRL</subfield><subfield code="d">NPH</subfield><subfield code="d">NST</subfield><subfield code="d">YOX</subfield><subfield code="d">NVF</subfield><subfield code="d">SYS</subfield><subfield code="d">DLC</subfield><subfield code="d">OCLCQ</subfield><subfield code="d">DLC</subfield><subfield code="d">CRL</subfield><subfield code="d">KRTAS</subfield><subfield code="d">OCLCQ</subfield><subfield code="d">DLC</subfield><subfield code="d">OCLCA</subfield><subfield code="d">OCLCQ</subfield><subfield code="d">OCLCO</subfield><subfield code="d">OCLCA</subfield><subfield code="d">OCLCF</subfield><subfield code="d">OCLCO</subfield></datafield><datafield ind1="0" ind2=" " tag="022"><subfield code="a">0279-6201</subfield><subfield code="l">0279-6201</subfield><subfield code="2">1</subfield></datafield><datafield ind1="1" ind2=" " tag="029"><subfield code="a">AU@</subfield><subfield code="b">000020129720</subfield></datafield><datafield ind1="1" ind2=" " tag="029"><subfield code="a">ZWZ</subfield><subfield code="b">036159425</subfield></datafield><datafield ind1=" " ind2=" " tag="032"><subfield code="a">016940</subfield><subfield code="b">USPS</subfield></datafield><datafield ind1=" " ind2=" " tag="037"><subfield code="b">America, 817 N. Franklin St., Philadelphia, Pa. 19123</subfield></datafield><datafield ind1="0" ind2=" " tag="041"><subfield code="a">ukr</subfield><subfield code="a">eng</subfield></datafield><datafield ind1=" " ind2=" " tag="042"><subfield code="a">nsdp</subfield><subfield code="a">pcc</subfield></datafield><datafield ind1=" " ind2=" " tag="043"><subfield code="a">n-us-pa</subfield></datafield><datafield ind1="0" ind2="0" tag="050"><subfield code="a">Newspaper</subfield></datafield><datafield ind1="0" ind2=" " tag="130"><subfield code="a">Ameryka (Philadelphia, Pa.)</subfield></datafield><datafield ind1="0" ind2=" " tag="210"><subfield code="a">Am. Ukr. Cathol. daily</subfield></datafield><datafield ind1=" " ind2="0" tag="222"><subfield code="a">America Ukrainian Catholic daily</subfield></datafield><datafield ind1="1" ind2="0" tag="245"><subfield code="a">Ameryka =</subfield><subfield code="b">America.</subfield></datafield><datafield ind1="3" ind2="1" tag="246"><subfield code="a">America</subfield></datafield><datafield ind1="1" ind2=" " tag="246"><subfield code="i">Issues for &lt;Nov. 22, 1997-&gt; have parallel title:</subfield><subfield code="a">Amerika</subfield></datafield><datafield ind1="1" ind2="3" tag="246"><subfield code="a">Ukrainian Catholic daily</subfield><subfield code="f">July 4, 1950-Jan. 13, 1987</subfield></datafield><datafield ind1="1" ind2="3" tag="246"><subfield code="a">Ukrai&#776;ns&#697;kyi&#774; katolyt&#65056;s&#65057;&#697;kyi&#774; shchodennyk</subfield><subfield code="f">July 4, 1950-Jan. 13, 1987</subfield></datafield><datafield ind1="1" ind2="3" tag="246"><subfield code="a">Ameryka ukrai&#776;ns'kyi&#774; katolyt&#65056;s&#65057;'kyi&#774; shchodennyk</subfield></datafield><datafield ind1="1" ind2="3" tag="246"><subfield code="a">Ukrainian Catholic weekly</subfield></datafield><datafield ind1=" " ind2=" " tag="260"><subfield code="a">Fili&#65056;a&#65057;del&#697;fii&#65056;a&#65057; [Philadelphia], Pa. :</subfield><subfield code="b">Provydi&#776;ni&#65056;e&#65057;</subfield></datafield><datafield ind1=" " ind2=" " tag="300"><subfield code="a">v.</subfield></datafield><datafield ind1=" " ind2=" " tag="310"><subfield code="a">Weekly,</subfield><subfield code="b">Aug. 18, 1997-</subfield></datafield><datafield ind1=" " ind2=" " tag="321"><subfield code="a">Frequency varies,</subfield><subfield code="b">&lt;June 20, 1916&gt;-Jan. 13, 1987</subfield></datafield><datafield ind1=" " ind2=" " tag="321"><subfield code="a">Triweekly,</subfield><subfield code="b">Jan. 15, 1987-</subfield></datafield><datafield ind1=" " ind2=" " tag="321"><subfield code="a">Semiweekly,</subfield><subfield code="b">&lt;Nov. 15, 1995&gt;-July 25, 1997</subfield></datafield><datafield ind1="1" ind2=" " tag="362"><subfield code="a">Began in 1912.</subfield></datafield><datafield ind1=" " ind2=" " tag="500"><subfield code="a">Issues for &lt;Nov. 15, 1995&gt;-July 25, 1997 published semiweekly with one English issue and one Ukrainian issue per week. English and Ukrainian issues for Aug. 18, 1997- are published simultaneously once a week.</subfield></datafield><datafield ind1=" " ind2=" " tag="515"><subfield code="a">Ukrainian and English issues for Dec. 20, 1997-Jan. 10, 1998 share identical volume and issue numbering. Beginning Jan. 17, 1998- Ukrainian issues no longer have volume and issue numbering.</subfield></datafield><datafield ind1=" " ind2=" " tag="530"><subfield code="a">Also issued on microfilm from the Center for Research Libraries, the New York Public Library, and the Library of Congress Photoduplication Service.</subfield></datafield><datafield ind1=" " ind2=" " tag="546"><subfield code="a">In Ukrainian with some English &lt;June 20, 1916-Mar. 10, 2001&gt;</subfield></datafield><datafield ind1=" " ind2=" " tag="550"><subfield code="a">"Official organ of the Providence Association of the Ukrainian Catholics in America", &lt;Nov. 22, 1977-&gt;.</subfield></datafield><datafield ind1=" " ind2=" " tag="588"><subfield code="a">Description based on: Rik 5, ch. 138 (20. cher., 1916).</subfield></datafield><datafield ind1=" " ind2=" " tag="588"><subfield code="a">Latest issue consulted: Vol. 90, no. 10 (Mar. 10, 2001).</subfield></datafield><datafield ind1=" " ind2="0" tag="650"><subfield code="a">Ukrainians</subfield><subfield code="z">United States</subfield><subfield code="v">Newspapers.</subfield></datafield><datafield ind1=" " ind2="0" tag="650"><subfield code="a">Ukrainian Americans</subfield><subfield code="z">Pennsylvania</subfield><subfield code="v">Newspapers.</subfield></datafield><datafield ind1=" " ind2="0" tag="650"><subfield code="a">Ruthenians</subfield><subfield code="z">United States</subfield><subfield code="v">Newspapers.</subfield></datafield><datafield ind1=" " ind2="0" tag="650"><subfield code="a">Ruthenian American newspapers</subfield><subfield code="z">Pennsylvania.</subfield></datafield><datafield ind1=" " ind2="0" tag="651"><subfield code="a">Philadelphia (Pa.)</subfield><subfield code="v">Newspapers.</subfield></datafield><datafield ind1=" " ind2="0" tag="651"><subfield code="a">Philadelphia County (Pa.)</subfield><subfield code="v">Newspapers.</subfield></datafield><datafield ind1=" " ind2="7" tag="655"><subfield code="a">Newspapers.</subfield><subfield code="2">fast</subfield><subfield code="0">(OCoLC)fst01423814</subfield></datafield><datafield ind1=" " ind2="7" tag="650"><subfield code="a">Ruthenian American newspapers.</subfield><subfield code="2">fast</subfield><subfield code="0">(OCoLC)fst01102570</subfield></datafield><datafield ind1=" " ind2="7" tag="650"><subfield code="a">Ruthenians.</subfield><subfield code="2">fast</subfield><subfield code="0">(OCoLC)fst01102572</subfield></datafield><datafield ind1=" " ind2="7" tag="650"><subfield code="a">Ukrainian Americans.</subfield><subfield code="2">fast</subfield><subfield code="0">(OCoLC)fst01160424</subfield></datafield><datafield ind1=" " ind2="7" tag="650"><subfield code="a">Ukrainians.</subfield><subfield code="2">fast</subfield><subfield code="0">(OCoLC)fst01160566</subfield></datafield><datafield ind1=" " ind2="7" tag="651"><subfield code="a">Pennsylvania.</subfield><subfield code="2">fast</subfield><subfield code="0">(OCoLC)fst01204598</subfield></datafield><datafield ind1=" " ind2="7" tag="651"><subfield code="a">Pennsylvania</subfield><subfield code="z">Philadelphia.</subfield><subfield code="2">fast</subfield><subfield code="0">(OCoLC)fst01204170</subfield></datafield><datafield ind1=" " ind2="7" tag="651"><subfield code="a">Pennsylvania</subfield><subfield code="z">Philadelphia County.</subfield><subfield code="2">fast</subfield><subfield code="0">(OCoLC)fst01217128</subfield></datafield><datafield ind1=" " ind2="7" tag="651"><subfield code="a">United States.</subfield><subfield code="2">fast</subfield><subfield code="0">(OCoLC)fst01204155</subfield></datafield><datafield ind1="2" ind2=" " tag="710"><subfield code="a">Providence Association of Ukrainian Catholics in America.</subfield></datafield><datafield ind1=" " ind2=" " tag="752"><subfield code="a">United States</subfield><subfield code="b">Pennsylvania</subfield><subfield code="c">Philadelphia</subfield><subfield code="d">Philadelphia.</subfield></datafield><datafield ind1="0" ind2="0" tag="785"><subfield code="t">America (Philadelphia, Pa.)</subfield><subfield code="w">(DLC)  2010215447</subfield><subfield code="w">(OCoLC)646480019</subfield></datafield><datafield ind1="0" ind2="0" tag="891"><subfield code="9">853</subfield><subfield code="8">1</subfield><subfield code="a">(year)</subfield><subfield code="b">no</subfield><subfield code="u">52</subfield><subfield code="v">r</subfield><subfield code="w">w</subfield></datafield><datafield ind1="4" ind2="0" tag="891"><subfield code="9">863</subfield><subfield code="8">1</subfield><subfield code="a">&lt;1998&gt;</subfield><subfield code="b">&lt;22&gt;-</subfield><subfield code="x">provisional</subfield></datafield><datafield ind1=" " ind2=" " tag="938"><subfield code="a">Kirtas Technologies, Inc.</subfield><subfield code="b">KRTS</subfield><subfield code="n">735866</subfield></datafield></record>